@online{idfPCNT,
  journal = {ESP-IDF Programming Guide latest documentation},
  title = {Pulse Counter (PCNT)},
  urldate = {2024-11-09},
  url = {https://docs.espressif.com/projects/esp-idf/en/stable/esp32/api-reference/peripherals/pcnt.html},
}

@online{idfMCPWM,
  journal = {ESP-IDF Programming Guide latest documentation},
  title = {Motor Control Pulse Width Modulator (MCPWM)},
  urldate = {2024-11-09},
  url = {https://docs.espressif.com/projects/esp-idf/en/stable/esp32/api-reference/peripherals/mcpwm.html},
}

@online{idfRMT,
  journal = {ESP-IDF Programming Guide v5.2.3 documentation},
  title = {Remote Control Transceiver (RMT)},
  urldate = {2024-11-09},
  url = {https://docs.espressif.com/projects/esp-idf/en/stable/esp32/api-reference/peripherals/rmt.html},
}

@book{Iizuka2002,
  author = {Keigo Iizuka},
  title = {Elements of photonics},
  publisher = {Wiley},
  address = {New York},
  year = {2002},
  ISBN = {0-471-40815-8},
}
