@book{Iizuka2002,
  author = {Keigo Iizuka},
  title = {Elements of photonics},
  publisher = {Wiley},
  address = {New York},
  year = {2002},
  ISBN = {0-471-40815-8},
}
